



@online{stex_de,
    author = "Stack Exchange",
    title = "Stack Exchange Data Explorer",
    url  = "https://data.stackexchange.com/stackoverflow/query/new",
    addendum = "(accessed: 05.25.2023)"
}


@book{Shumway,
  title     = "Time Series Analysis and Its Applications With R Examples",
  author    = "Robert H. Shumway and David S. Stoffer",
  year      = 2010,
  publisher = "Springer",
  edition = "4"
}